@article{milner1978a,
	title="A theory of type polymorphism in programming",
	author="Robin {Milner}",
	journal="Journal of Computer and System Sciences",
	volume="17",
	number="3",
	pages="348--375",
	notes="Sourced from Microsoft Academic - https://academic.microsoft.com/paper/2166822586",
	year="1978"
}

@inproceedings{damas1982principal,
	title="Principal type-schemes for functional programs",
	author="Luis {Damas} and Robin {Milner}",
	booktitle="Proceedings of the 9th ACM SIGPLAN-SIGACT symposium on Principles of programming languages",
	pages="207--212",
	notes="Sourced from Microsoft Academic - https://academic.microsoft.com/paper/2163976959",
	year="1982"
}

@inproceedings{weeks2006whole,
	title="Whole-program compilation in MLton",
	author="Stephen {Weeks}",
	booktitle="Proceedings of the 2006 workshop on ML",
	pages="1--1",
	notes="Sourced from Microsoft Academic - https://academic.microsoft.com/paper/2159430067",
	year="2006"
}

@article{hindley1969the,
	title="The Principal Type-Scheme of an Object in Combinatory Logic",
	author="R. {Hindley}",
	journal="Transactions of the American Mathematical Society",
	volume="146",
	pages="29--60",
	notes="Sourced from Microsoft Academic - https://academic.microsoft.com/paper/2019376542",
	year="1969"
}

@article{remy1992extension,
	title="Extension of ML type system with a sorted equation theory on types",
	author="Didier {RÃ©my}",
	journal="",
	notes="Sourced from Microsoft Academic - https://academic.microsoft.com/paper/90907487",
	year="1992"
}

